<?xml version="1.0" encoding="UTF-8"?><collection xmlns="http://www.loc.gov/MARC21/slim"><record><leader>00461nam--2200157-i-4500</leader><controlfield tag="001">000035575</controlfield><controlfield tag="002">20161230</controlfield><controlfield tag="005">20161230201040</controlfield><controlfield tag="008">060222s1000------------r-----000-0-eng-d</controlfield><datafield ind1=" " ind2=" " tag="080"><subfield code="a">512:517</subfield></datafield><datafield ind1=" " ind2=" " tag="100"><subfield code="a">Martin, Hedley G</subfield></datafield><datafield ind1=" " ind2=" " tag="245"><subfield code="a">Mathematics for engineering, technology and computing science</subfield></datafield><datafield ind1=" " ind2=" " tag="260"><subfield code="a">Oxford, Pergamon Press,1970. Ix+361p</subfield></datafield><datafield ind1=" " ind2=" " tag="490"><subfield code="a">The Commonwealth And International Library</subfield></datafield><datafield ind1=" " ind2=" " tag="852"><subfield code="a">39641</subfield><subfield code="c">517</subfield></datafield><datafield ind1=" " ind2=" " tag="CAT"><subfield code="a">Sys</subfield><subfield code="c">20080620</subfield><subfield code="h">091018</subfield></datafield></record></collection>